% Alle kilder skrives inn her. I latex, kan de benyttes ved \cite{} kommandoen
% Om du bruker Oria eller andre kilder fra NTNU har de ofte en eksport funksjon til bibtex, endnote eller lignende. Lettvint.
@article{RN46,
   author = {Alhogail, Areej and Mirza, A. and Bakry, Saad},
   title = {A comprehensive human factor framework for information security in organizations},
   journal = {Journal of Theoretical and Applied Information Technology},
   volume = {78},
   pages = {201-211},
   year = {2015},
   type = {Journal Article}
}
